@Manual{R-base,
  title = {R: A Language and Environment for Statistical Computing},
  author = {{R Core Team}},
  organization = {R Foundation for Statistical Computing},
  address = {Vienna, Austria},
  year = {2018},
  url = {https://www.R-project.org/},
}
@Manual{R-dplyr,
  title = {dplyr: A Grammar of Data Manipulation},
  author = {Hadley Wickham and Romain François and Lionel Henry and Kirill Müller},
  year = {2018},
  note = {R package version 0.7.6},
  url = {https://CRAN.R-project.org/package=dplyr},
}
@Manual{R-ggalt,
  title = {ggalt: Extra Coordinate Systems, 'Geoms', Statistical Transformations,
Scales and Fonts for 'ggplot2'},
  author = {Bob Rudis and Ben Bolker and Jan Schulz},
  year = {2017},
  note = {R package version 0.4.0},
  url = {https://CRAN.R-project.org/package=ggalt},
}
@Manual{R-ggplot2,
  title = {ggplot2: Create Elegant Data Visualisations Using the Grammar of Graphics},
  author = {Hadley Wickham and Winston Chang and Lionel Henry and Thomas Lin Pedersen and Kohske Takahashi and Claus Wilke and Kara Woo},
  note = {http://ggplot2.tidyverse.org, https://github.com/tidyverse/ggplot2},
  year = {2018},
}
@Manual{R-ggthemes,
  title = {ggthemes: Extra Themes, Scales and Geoms for 'ggplot2'},
  author = {Jeffrey B. Arnold},
  year = {2018},
  note = {R package version 3.5.0},
  url = {https://CRAN.R-project.org/package=ggthemes},
}
@Manual{R-here,
  title = {here: A Simpler Way to Find Your Files},
  author = {Kirill Müller},
  year = {2017},
  note = {R package version 0.1},
  url = {https://CRAN.R-project.org/package=here},
}
@Manual{R-knitr,
  title = {knitr: A General-Purpose Package for Dynamic Report Generation in R},
  author = {Yihui Xie},
  year = {2018},
  note = {R package version 1.20},
  url = {https://CRAN.R-project.org/package=knitr},
}
@Manual{R-papaja,
  title = {papaja: Prepare reproducible APA journal articles with R Markdown},
  author = {Frederik Aust and Marius Barth},
  note = {R package version 0.1.0.9842},
  url = {https://github.com/crsh/papaja},
  year = {2018},
}
@Manual{R-patchwork,
  title = {patchwork: The Composer of ggplots},
  author = {Thomas Lin Pedersen},
  year = {2017},
  note = {R package version 0.0.1},
  url = {https://github.com/thomasp85/patchwork},
}
@Manual{R-readr,
  title = {readr: Read Rectangular Text Data},
  author = {Hadley Wickham and Jim Hester and Romain Francois},
  year = {2017},
  note = {R package version 1.1.1},
  url = {https://CRAN.R-project.org/package=readr},
}
@Manual{R-RefManageR,
  title = {RefManageR: Straightforward 'BibTeX' and 'BibLaTeX' Bibliography Management},
  author = {Mathew W. McLean},
  year = {2018},
  note = {R package version 1.2.0},
  url = {https://CRAN.R-project.org/package=RefManageR},
}
@Manual{R-xaringan,
  title = {xaringan: Presentation Ninja},
  author = {Yihui Xie},
  note = {R package version 0.7.1},
  url = {https://github.com/yihui/xaringan},
  year = {2018},
}
